
@article{heidrich_sampling_1998,
	title = {Sampling procedural shaders using affine arithmetic},
	volume = {17},
	url = {http://dl.acm.org/citation.cfm?id=285859},
	number = {3},
	urldate = {2014-10-22},
	journal = {{ACM} Transactions on Graphics ({TOG})},
	author = {Heidrich, Wolfgang and Slusallek, Philipp and Seidel, Hans-Peter},
	year = {1998},
	pages = {158--176},
	file = {[PDF] from mit.edu:C\:\\Users\\luk\\AppData\\Roaming\\Zotero\\Zotero\\Profiles\\2b437tqa.default\\zotero\\storage\\PJT6DFH4\\Heidrich et al. - 1998 - Sampling procedural shaders using affine arithmeti.pdf:application/pdf;Snapshot:C\:\\Users\\luk\\AppData\\Roaming\\Zotero\\Zotero\\Profiles\\2b437tqa.default\\zotero\\storage\\PF7DK4PA\\Heidrich et al. - 1998 - Sampling procedural shaders using affine arithmeti.html:text/html}
}

@article{de_figueiredo_affine_2004,
	title = {Affine arithmetic: concepts and applications},
	volume = {37},
	shorttitle = {Affine arithmetic},
	url = {http://link.springer.com/article/10.1023/B:NUMA.0000049462.70970.b6},
	number = {1-4},
	urldate = {2014-10-22},
	journal = {Numerical Algorithms},
	author = {De Figueiredo, Luiz Henrique and Stolfi, Jorge},
	year = {2004},
	pages = {147--158},
	file = {[PDF] from springer.com:C\:\\Users\\luk\\AppData\\Roaming\\Zotero\\Zotero\\Profiles\\2b437tqa.default\\zotero\\storage\\DMWPRVKF\\De Figueiredo and Stolfi - 2004 - Affine arithmetic concepts and applications.pdf:application/pdf;Snapshot:C\:\\Users\\luk\\AppData\\Roaming\\Zotero\\Zotero\\Profiles\\2b437tqa.default\\zotero\\storage\\ZTQS3QMG\\De Figueiredo and Stolfi - 2004 - Affine arithmetic concepts and applications.html:text/html}
}

@inproceedings{figueiredo_adaptive_1996,
	title = {Adaptive enumeration of implicit surfaces with affine arithmetic},
	volume = {15},
	url = {http://onlinelibrary.wiley.com/doi/10.1111/1467-8659.1550287/abstract},
	urldate = {2014-10-22},
	booktitle = {Computer Graphics Forum},
	publisher = {Wiley Online Library},
	author = {Figueiredo, Luiz Henrique and Stolfi, Jorge},
	year = {1996},
	pages = {287--296},
	file = {Snapshot:C\:\\Users\\luk\\AppData\\Roaming\\Zotero\\Zotero\\Profiles\\2b437tqa.default\\zotero\\storage\\SQCM4ZB6\\Figueiredo and Stolfi - 1996 - Adaptive enumeration of implicit surfaces with aff.html:text/html}
}

@inproceedings{fang_toward_2003,
	title = {Toward efficient static analysis of finite-precision effects in {DSP} applications via affine arithmetic modeling},
	url = {http://dl.acm.org/citation.cfm?id=775960},
	urldate = {2014-10-22},
	booktitle = {Proceedings of the 40th annual Design Automation Conference},
	publisher = {{ACM}},
	author = {Fang, Claire Fang and Rutenbar, Rob A. and Püschel, Markus and Chen, Tsuhan},
	year = {2003},
	pages = {496--501},
	file = {[PDF] from cmu.edu:C\:\\Users\\luk\\AppData\\Roaming\\Zotero\\Zotero\\Profiles\\2b437tqa.default\\zotero\\storage\\38VH399D\\Fang et al. - 2003 - Toward efficient static analysis of finite-precisi.pdf:application/pdf;Snapshot:C\:\\Users\\luk\\AppData\\Roaming\\Zotero\\Zotero\\Profiles\\2b437tqa.default\\zotero\\storage\\26U68ADB\\Fang et al. - 2003 - Toward efficient static analysis of finite-precisi.html:text/html}
}

@article{femia_true_2000,
	title = {True worst-case circuit tolerance analysis using genetic algorithms and affine arithmetic},
	volume = {47},
	url = {http://ieeexplore.ieee.org/xpls/abs_all.jsp?arnumber=883323},
	number = {9},
	urldate = {2014-10-22},
	journal = {Circuits and Systems I: Fundamental Theory and Applications, {IEEE} Transactions on},
	author = {Femia, Nicola and Spagnuolo, Giovanni},
	year = {2000},
	pages = {1285--1296},
	file = {Snapshot:C\:\\Users\\luk\\AppData\\Roaming\\Zotero\\Zotero\\Profiles\\2b437tqa.default\\zotero\\storage\\8TNXZBK4\\Femia and Spagnuolo - 2000 - True worst-case circuit tolerance analysis using g.html:text/html}
}

@inproceedings{lee_minibit:_2005,
	title = {{MiniBit}: bit-width optimization via affine arithmetic},
	shorttitle = {{MiniBit}},
	url = {http://dl.acm.org/citation.cfm?id=1065799},
	urldate = {2014-10-22},
	booktitle = {Proceedings of the 42nd annual Design Automation Conference},
	publisher = {{ACM}},
	author = {Lee, Dong-U. and Gaffar, Altaf Abdul and Mencer, Oskar and Luk, Wayne},
	year = {2005},
	pages = {837--840},
	file = {[PDF] from ic.ac.uk:C\:\\Users\\luk\\AppData\\Roaming\\Zotero\\Zotero\\Profiles\\2b437tqa.default\\zotero\\storage\\QPWBJJ5N\\Lee et al. - 2005 - MiniBit bit-width optimization via affine arithme.pdf:application/pdf;Snapshot:C\:\\Users\\luk\\AppData\\Roaming\\Zotero\\Zotero\\Profiles\\2b437tqa.default\\zotero\\storage\\W59HRS35\\Lee et al. - 2005 - MiniBit bit-width optimization via affine arithme.html:text/html}
}

@inproceedings{de_cusatis_jr_interval_1999,
	title = {Interval methods for ray casting implicit surfaces with affine arithmetic},
	url = {http://www.computer.org/csdl/proceedings/sibgrapi/1999/0481/00/04810065.pdf},
	urldate = {2014-10-22},
	booktitle = {2012 25th {SIBGRAPI} Conference on Graphics, Patterns and Images},
	publisher = {{IEEE} Computer Society},
	author = {de Cusatis Jr, Affonso and De Figueiredo, Luiz Henrique and Gattass, Marcelo},
	year = {1999},
	pages = {65--65},
	file = {[PDF] from puc-rio.br:C\:\\Users\\luk\\AppData\\Roaming\\Zotero\\Zotero\\Profiles\\2b437tqa.default\\zotero\\storage\\7A4CFJ6N\\de Cusatis Jr et al. - 1999 - Interval methods for ray casting implicit surfaces.pdf:application/pdf;Snapshot:C\:\\Users\\luk\\AppData\\Roaming\\Zotero\\Zotero\\Profiles\\2b437tqa.default\\zotero\\storage\\J7MZGRN2\\de Cusatis Jr et al. - 1999 - Interval methods for ray casting implicit surfaces.html:text/html}
}

@article{messine_extentions_2002,
	title = {Extentions of affine arithmetic: Application to unconstrained global optimization},
	volume = {8},
	shorttitle = {Extentions of affine arithmetic},
	url = {http://www.jucs.org/jucs_8_11/extentions_of_affine_arithmetic/Messine_F.pdf},
	number = {11},
	urldate = {2014-10-22},
	journal = {J. {UCS}},
	author = {Messine, Frédéric},
	year = {2002},
	pages = {992--1015}
}

@article{stolfi_introduction_2003,
	title = {An introduction to affine arithmetic},
	url = {http://citeseerx.ist.psu.edu/viewdoc/summary?doi=10.1.1.58.3196},
	urldate = {2014-10-22},
	author = {Stolfi, J. and De Figueiredo, L. H.},
	year = {2003},
	file = {Snapshot:C\:\\Users\\luk\\AppData\\Roaming\\Zotero\\Zotero\\Profiles\\2b437tqa.default\\zotero\\storage\\M3NEK2PS\\Stolfi and De Figueiredo - 2003 - An introduction to affine arithmetic.html:text/html}
}

@article{kiel_yalaa:_2012,
	title = {{YalAA}: yet another library for affine arithmetic},
	volume = {16},
	shorttitle = {{YalAA}},
	url = {https://agora.bourges.univ-orleans.fr/ramdani/swim2011/Abstracts/KIEL.pdf},
	urldate = {2014-10-22},
	journal = {Reliable Comput},
	author = {Kiel, Stefan},
	year = {2012},
	pages = {114--129}
}

@article{kiel_verified_2013,
	title = {Verified distance computation between non-convex superquadrics using hierarchical space decomposition structures},
	volume = {17},
	url = {http://link.springer.com/article/10.1007/s00500-013-1005-y},
	number = {8},
	urldate = {2014-10-22},
	journal = {Soft Computing},
	author = {Kiel, Stefan and Luther, Wolfram and Dyllong, Eva},
	year = {2013},
	pages = {1367--1378},
	file = {[HTML] from springer.com:C\:\\Users\\luk\\AppData\\Roaming\\Zotero\\Zotero\\Profiles\\2b437tqa.default\\zotero\\storage\\SKE5FQ9R\\fulltext.html:text/html;Snapshot:C\:\\Users\\luk\\AppData\\Roaming\\Zotero\\Zotero\\Profiles\\2b437tqa.default\\zotero\\storage\\9RV4PPUU\\s00500-013-1005-y.html:text/html}
}

@inproceedings{ninin_accurate_2014,
	title = {Accurate and efficient implementation of affine arithmetic using floating-point arithmetic},
	url = {http://www.scan2014.uni-wuerzburg.de/book_of_abstracts/#page=126},
	urldate = {2014-10-22},
	booktitle = {Book of Abstracts},
	author = {Ninin, Jordan and Revol, Nathalie},
	year = {2014},
	pages = {125},
	file = {[PDF] from uni-wuerzburg.de:C\:\\Users\\luk\\AppData\\Roaming\\Zotero\\Zotero\\Profiles\\2b437tqa.default\\zotero\\storage\\N2DDAN23\\Ninin 和 Revol - 2014 - Accurate and efficient implementation of affine ar.pdf:application/pdf}
}

@inproceedings{auer_result_2014,
	title = {Result Verification and Uncertainty Management in Engineering Applications},
	url = {http://www.scan2014.uni-wuerzburg.de/fileadmin/10030000/scan2014/talks/plenary_3.pdf},
	urldate = {2014-10-22},
	booktitle = {Book of Abstracts},
	author = {Auer, Ekaterina},
	year = {2014},
	pages = {30},
	file = {[PDF] from uni-wuerzburg.de:C\:\\Users\\luk\\AppData\\Roaming\\Zotero\\Zotero\\Profiles\\2b437tqa.default\\zotero\\storage\\HT3WFF5T\\Auer - 2014 - Result Verification and Uncertainty Management in .pdf:application/pdf}
}

@article{kiel_univermecframework_????,
	title = {{UniVerMeC}–A Framework for Development, Assessment and Interoperable Use of Verified Techniques},
	url = {http://duepublico.uni-duisburg-essen.de/servlets/DerivateServlet/Derivate-36474/Diss_Kiel_Finale_Fassung_Farbig.pdf},
	urldate = {2014-10-22},
	author = {Kiel, Stefan},
	file = {[PDF] from uni-duisburg-essen.de:C\:\\Users\\luk\\AppData\\Roaming\\Zotero\\Zotero\\Profiles\\2b437tqa.default\\zotero\\storage\\5JHA6ZAD\\Kiel - UniVerMeC–A Framework for Development, Assessment .pdf:application/pdf}
}

@article{auer_verified_2012,
	title = {Verified parameter identification for solid oxide fuel cells},
	volume = {2012},
	url = {http://rec2012.fce.vutbr.cz/documents/papers/auer.pdf},
	urldate = {2014-10-22},
	journal = {In Proc. of {REC}},
	author = {Auer, Ekaterina and Kiel, Stefan and Rauh, Andreas},
	year = {2012},
	file = {[PDF] from vutbr.cz:C\:\\Users\\luk\\AppData\\Roaming\\Zotero\\Zotero\\Profiles\\2b437tqa.default\\zotero\\storage\\QEFNCM22\\Auer 等. - 2012 - Verified parameter identification for solid oxide .pdf:application/pdf}
}