
@article{BGT81,
  author = 	 {R. G. Bland and D. Goldfarb and M. J. Todd},
  title = 	 {The ellipsoid method: A survey},
  journal =  {Operations Research},
  year = 	 1981,
  volume =	 29,
  number =	 6,
  pages =	 {1039--1091}
}

@book{boyd2004convex,
  title={Convex optimization},
  author={Boyd, Stephen P and Vandenberghe, Lieven},
  year={2004},
  publisher={Cambridge university press}
}

@article{boyd2007tutorial,
  title={A tutorial on geometric programming},
  author={Boyd, Stephen and Kim, Seung-Jean and Vandenberghe, Lieven and Hassibi, Arash},
  journal={Optimization and engineering},
  volume={8},
  number={1},
  pages={67--127},
  year={2007},
  publisher={Springer}
}

@inproceedings{liu2007robust,
  title={Robust analog circuit sizing using ellipsoid method and affine arithmetic},
  author={Liu, Xuexin and Luk, Wai-Shing and Song, Yu and Tang, Pushan and Zeng, Xuan},
  booktitle={Proceedings of the 2007 Asia and South Pacific Design Automation Conference},
  pages={203--208},
  year={2007},
  organization={IEEE Computer Society}
}

@article{dasdan1998faster,
  title={Faster maximum and minimum mean cycle algorithms for system-performance analysis},
  author={Dasdan, Ali and Gupta, Rajesh K},
  journal={IEEE transactions on computer-aided design of integrated circuits and systems},
  volume={17},
  number={10},
  pages={889--899},
  year={1998},
  publisher={IEEE}
}

@article{orlin1985computing,
  title={Computing optimal scalings by parametric network algorithms},
  author={Orlin, James B and Rothblum, Uriel G},
  journal={Mathematical programming},
  volume={32},
  number={1},
  pages={1--10},
  year={1985},
  publisher={Springer}
}

@article{zhou2015multi,
  title={Multi-parameter clock skew scheduling},
  author={Zhou, Xingbao and Luk, Wai-Shing and Zhou, Hai and Yang, Fan and Yan, Changhao and Zeng, Xuan},
  journal={Integration, the VLSI Journal},
  volume={48},
  pages={129--137},
  year={2015},
  publisher={Elsevier}
}

@article{young1991faster,
  title={Faster parametric shortest path and minimum-balance algorithms},
  author={Young, Neal E and Tarjant, Robert E and Orlin, James B},
  journal={Networks},
  volume={21},
  number={2},
  pages={205--221},
  year={1991},
  publisher={Wiley Online Library}
}

@article{cochet1998numerical,
  title={Numerical computation of spectral elements in max-plus algebra},
  author={Cochet-Terrasson, Jean and Cohen, Guy and Gaubert, St{\'e}phane and McGettrick, Michael and Quadrat, Jean-Pierre},
  journal={IFAC Proceedings Volumes},
  volume={31},
  number={18},
  pages={667--674},
  year={1998},
  publisher={Elsevier}
}

@article{dasdan2004experimental,
  title={Experimental analysis of the fastest optimum cycle ratio and mean algorithms},
  author={Dasdan, Ali},
  journal={ACM Transactions on Design Automation of Electronic Systems (TODAES)},
  volume={9},
  number={4},
  pages={385--418},
  year={2004},
  publisher={ACM}
}