@book{mitra2006digital,
  title={Digital signal processing: a computer-based approach},
  author={Mitra, Sanjit Kumar and Kuo, Yonghong},
  volume={2},
  year={2006},
  publisher={McGraw-Hill New York}
}

@incollection{wu1999fir,
  title={{FIR} filter design via spectral factorization and convex optimization},
  author={Wu, Shao-Po and Boyd, Stephen and Vandenberghe, Lieven},
  booktitle={Applied and Computational Control, Signals, and Circuits},
  pages={215--245},
  year={1999},
  publisher={Springer}
}

@book{markovic2012dsp,
  title={DSP Architecture Design Essentials},
  author={Markovi{\'c}, Dejan and Brodersen, Robert W},
  year={2012},
  publisher={Springer}
}

@article{george1960csd,
author = {George W. Reitwiesner},
title = {{Binary Arithmetic}},
journal = {Advances in Computers},
volume = {1},
year = {1960},
pages = {231--308},
masid = {696903}
}

@article{samueli1989improved,
  title={An improved search algorithm for the design of multiplierless {FIR} filters with powers-of-two coefficients},
  author={Samueli, Henry},
  journal={Circuits and Systems, IEEE Transactions on},
  volume={36},
  number={7},
  pages={1044--1047},
  year={1989},
  publisher={IEEE}
}

@article{kodek2012lll,
  title={LLL algorithm and the optimal finite wordlength {FIR} design},
  author={Kodek, Dusan M},
  journal={Signal Processing, IEEE Transactions on},
  volume={60},
  number={3},
  pages={1493--1498},
  year={2012},
  publisher={IEEE}
}

@article{lim1983fir,
  title={{FIR} filter design over a discrete powers-of-two coefficient space},
  author={Lim, Yong and Parker, S},
  journal={Acoustics, Speech and Signal Processing, IEEE Transactions on},
  volume={31},
  number={3},
  pages={583--591},
  year={1983},
  publisher={IEEE}
}

@article{kodek1981comparison,
  title={Comparison of optimal and local search methods for designing finite wordlength {FIR} digital filters},
  author={Kodek, Dusan and Steiglitz, Kenneth},
  journal={Circuits and Systems, IEEE Transactions on},
  volume={28},
  number={1},
  pages={28--32},
  year={1981},
  publisher={IEEE}
}

@article{kodek1980design,
  title={Design of optimal finite wordlength {FIR} digital filters using integer programming techniques},
  author={Kodek, Dusan M},
  journal={Acoustics, Speech and Signal Processing, IEEE Transactions on},
  volume={28},
  number={3},
  pages={304--308},
  year={1980},
  publisher={IEEE}
}

@article{lim1982finite,
  title={Finite word length {FIR} filter design using integer programming over a discrete coefficient space},
  author={Lim, Yong Ching and Parker, S and Constantinides, AG},
  journal={Acoustics, Speech and Signal Processing, IEEE Transactions on},
  volume={30},
  number={4},
  pages={661--664},
  year={1982},
  publisher={IEEE}
}

@article{chen1999trellis,
  title={A trellis search algorithm for the design of {FIR} filters with signed-powers-of-two coefficients},
  author={Chen, Chao-Liang and Willson Jr, Alan N},
  journal={Circuits and Systems II: Analog and Digital Signal Processing, IEEE Transactions on},
  volume={46},
  number={1},
  pages={29--39},
  year={1999},
  publisher={IEEE}
}

@article{lim1999signed,
  title={Signed power-of-two term allocation scheme for the design of digital filters},
  author={Lim, Yong Ching and Yang, Rui and Li, Dongning and Song, Jianjian},
  journal={Circuits and Systems II: Analog and Digital Signal Processing, IEEE Transactions on},
  volume={46},
  number={5},
  pages={577--584},
  year={1999},
  publisher={IEEE}
}

@article{xu1995design,
  title={Design of optimal digital filter using a parallel genetic algorithm},
  author={Xu, Dexiang J and Daley, Michael L},
  journal={Circuits and Systems II: Analog and Digital Signal Processing, IEEE Transactions on},
  volume={42},
  number={10},
  pages={673--675},
  year={1995},
  publisher={IEEE}
}

@inproceedings{kodek1997limits,
  title={Limits of finite wordlength {FIR} digital filter design},
  author={Kodek, Dusan M},
  booktitle={Acoustics, Speech, and Signal Processing, 1997. ICASSP-97., 1997 IEEE International Conference on},
  volume={3},
  pages={2149--2152},
  year={1997},
  organization={IEEE}
}

@inproceedings{kodek1980algorithm,
  title={An algorithm for the design of optimal finite word-length {FIR} digital filters},
  author={Kodek, Dusan},
  booktitle={Acoustics, Speech, and Signal Processing, IEEE International Conference on ICASSP'80.},
  volume={5},
  pages={73--76},
  year={1980},
  organization={IEEE}
}


@article{boyd1997introduction,
  title={Introduction to convex optimization with engineering applications},
  author={Boyd, Stephen and Vandenberghe, Lieven},
  journal={Course notes},
  year={1997}
}

@article{boyd2008ellipsoid,
  title={Ellipsoid method},
  author={Boyd, S and Barratt, C},
  journal={Lecture Slides on Class EE364b of Stanford University, Available: http://www.stanford.edu/class/ee364b/lectures. html},
  year={2008}
}

@book{boyd2009convex,
  title={Convex optimization},
  author={Boyd, Stephen and Vandenberghe, Lieven},
  year={2009},
  publisher={Cambridge university press}
}

@article{frenk1994deep,
  title={A deep cut ellipsoid algorithm for convex programming: theory and applications},
  author={Frenk, Johannes Bartholomeus Gerardus and Gromicho, Joaquim and Zhang, Shuzhong},
  journal={Mathematical programming},
  volume={63},
  number={1-3},
  pages={83--108},
  year={1994},
  publisher={Springer}
}

@article{bland1981ellipsoid,
  title={The ellipsoid method: a survey},
  author={Bland, Robert G and Goldfarb, Donald and Todd, Michael J},
  journal={Operations research},
  volume={29},
  number={6},
  pages={1039--1091},
  year={1981},
  publisher={INFORMS}
}

@book{hiriart2001fundamentals,
  title={Fundamentals of convex analysis},
  author={Hiriart-Urruty, Jean-Baptiste and Lemar{\'e}chal, Claude},
  year={2001},
  publisher={Springer}
}

@article{davidson2010enriching,
  title={Enriching the art of {FIR} filter design via convex optimization},
  author={Davidson, Timothy N},
  journal={Signal Processing Magazine, IEEE},
  volume={27},
  number={3},
  pages={89--101},
  year={2010},
  publisher={IEEE}
}

@article{lawler1966branch,
  title={Branch-and-bound methods: A survey},
  author={Lawler, Eugene L and Wood, David E},
  journal={Operations research},
  volume={14},
  number={4},
  pages={699--719},
  year={1966},
  publisher={INFORMS}
}

@misc{grant2008cvx,
  title={{CVX}: Matlab software for disciplined convex programming},
  author={Grant, Michael and Boyd, Stephen and Ye, Yinyu},
  year={2008}
}


@article{kodek2005performance,
  title={Performance limit of finite wordlength FIR digital filters},
  author={Kodek, Dusan M},
  journal={Signal Processing, IEEE Transactions on},
  volume={53},
  number={7},
  pages={2462--2469},
  year={2005},
  publisher={IEEE}
}


@book{glover2003handbook,
  title={Handbook of metaheuristics},
  author={Glover, Fred and Kochenberger, Gary A},
  year={2003},
  publisher={Springer}
}

@book{oppenheim1989discrete,
  title={Discrete-time signal processing},
  author={Oppenheim, Alan V and Schafer, Ronald W and Buck, John R and others},
  volume={2},
  year={1989},
  publisher={Prentice hall Englewood Cliffs, NJ}
}

@article{park1972chebyshev,
  title={Chebyshev approximation for nonrecursive digital filters with linear phase},
  author={T. W. Parks and J. H. McClellan},
  journal={Circuit Theory, IEEE Transactions on},
  volume={CT-19},
  number={2},
  pages={189--194},
  year={1972},
  publisher={IEEE}
}

@article{steiglitz1992meteor,
  title={{METEOR}: {A} constraint-based {FIR} filter design program},
  author={K. Steiglitz and T. W. Parks and J. F. Kaiser},
  journal={Signal Processing, IEEE Transactions on},
  volume={40},
  pages={1901--1909},
  year={1992},
  publisher={IEEE}
}

@article{selesnick1996constrained,
  title={Constrained least square design for {FIR} filters without specified transition bands},
  author={I. W. Selesnick and M. Lang and C. S. Burrus},
  journal={Signal Processing, IEEE Transactions on},
  volume={44},
  pages={1879--1892},
  year={1996},
  publisher={IEEE}
}

@article{adams1998peak,
  title={Peak-constrained least-squares optimization},
  author={J. W. Adams and J. L. Sullivan},
  journal={Signal Processing, IEEE Transactions on},
  volume={46},
  pages={306--321},
  year={1998},
  publisher={IEEE}
}

@article{goodman1997spectral,
  title={Spectral factorization of Laurent polynomials},
  author={T. N. T. Goodman and C. A. Micchelli and G. Rodriguez and and S. Seatzu},
  journal={Advances Comput. Math.},
  volume={7},
  number={4},
  pages={429--454},
  year={1997}
}

@article{davidson2002linear,
  title={Linear matrix inequality formulation of spectral mask constraints with applications to {FIR} filter design},
  author={T. N. Davidson and Z.-Q. Luo and J. F. Sturm},
  journal={Signal Processing, IEEE Transactions on},
  volume={50},
  pages={2702--2715},
  year={2002}
}

@article{tuan2007efficient,
  title={Efficient large-scale filter/filterbank design via {LMI} characterization of trigonometric curves,},
  author={H. D. Tuan and T. T. Son and B.-N. Vo and T. Q. Nguyen},
  journal={Signal Processing, IEEE Transactions on},
  volume={55},
  pages={4394--4404},
  year={2007}
}

@article{manual2012mathworks,
  title={The MathWorks Inc},
  author={Manual, Matlab User's},
  journal={Natick, MA},
  year={2012}
}
