% ------------------------------------------------------------------------
% SAMPLE BIBLIOGRAPHY FILE
% ------------------------------------------------------------------------

@BOOK{Matern86,
 author={B. Mat\'{e}rn},
 title={Spatial {V}ariation ({S}econd {E}dition)},
 number={36},
 publisher={Springer-{V}erlag},
 address={New York},
 year={1986},
}

@BOOK{Stein99,
 author={M. L. Stein},
 title={Interpolation of {S}patial {D}ata: {S}ome {T}heory for {K}riging},
 publisher={Springer-Verlag},
 address={New York},
 year={1999},
}

@BOOK{Banerjee04,
 author={S. Banerjee and B. P. Carlin and A. E. Gelfand},
 title={Hierarchical {M}odeling and {A}nalysis for {S}patial {D}ata},
 publisher={Chapman \& Hall/CRC},
 address={Florida},
 year={2004},
}

@BOOK{Erik83,
 author={V. Erik},
 title={Random {F}ields: {A}nalysis and {S}ynthesis},
 publisher={MIT Press},
 address={London},
 year={1983},
}

@BOOK{Gihman74,
 author={I. I. Gihman and A. V. Skorohod},
 title={The {T}heory of {S}tochastic {P}rocesses},
 volume={1},
 publisher={Springer-Verlag},
 address={Berlin},
 year={1974},
}

@BOOK{Cressie91,
 author={N. A. Cressie},
 title={Statistics for {S}patial {D}ata},
 publisher={John Wiley \& Sons},
 address={New York},
 year={1991},
}

@BOOK{Diggle07,
 author={P. J. Diggle and P. J. Ribeiro Jr.},
 title={Model-based {G}eostatistics},
 publisher={Springer},
 address={New York},
 year={2007},
}

@BOOK{Schabenberger05,
 author={O. Schabenberger and C. A. Gotway},
 title={Statistical {M}ethods for {S}patial {D}ata {A}nalysis},
 publisher={Chapman \& Hall/CRC},
 address={Florida},
 year={2005},
}
