@string{siamNum = "SIAM Journal on Numerical Analysis"}
@string{tvlsi = "IEEE Transactions on {V}ery {L}arge {S}cale {I}ntegration (VLSI) Systems"}
@string{dtc = "IEEE {D}esign & {T}est of {C}omputers"}
@string{siamJAM = "SIAM Journal on Applied Mathematics"}
@string{tcomp = "IEEE Transactions on Computers"}
@string{networks = "Networks"}
@string{tdaes = "ACM Transactions on Design Automation of Electronic Systems"}
%% Conf.s
@string{iccad = "Proceedings of {IEEE/ACM} {I}nternational {C}onference on {C}omputer-{A}ided {D}esign"}
@string{dac = "Proceedings of {IEEE/ACM} {D}esign {A}utomation {C}onference"}
@string{date = "Proceedings of {IEEE/ACM} {D}esign, {A}utomation and {T}est in {E}urope Conference and Exhibition"}
@string{aspdac = "Proceedings of {IEEE/ACM} {A}sia and {S}outh {P}acific {D}esign {A}utomation {C}onference"}
@string{iscas = "IEEE Proc. ISCAS"}
@string{isqed = "IEEE Proc. ISQED"}
@string{iolts = "IEEE Proc. International On-Line Testing Symposium"}
@string{dotpcad = "IEEE/ACM Proc. Digest of Technical Papers Compuater-Aided Design"}
@string{iccd = "Proc. IEEE 1992 International Conference on Computer Design: VLSI in Computers and Processors"}


@article{Fishbum_90,
  title={Clock skew optimization},
  author={Fishburn, John P.},
  journal={ IEEE Transactions on Computers},
  volume={39},
  number={7},
  pages={945--951},
  year={1990},
  publisher={IEEE}
}

@InProceedings{Deokar_Sapatnekar_94,
  author =   {R. B. Deokar and S. S. Sapatnekar},
  title =    {A graph-theoretic approach to clock skew optimization},
  booktitle =    {Proceedings of IEEE International Symposium on
                  Circuits and Systems},
  pages =    {407--410},
  address =  {London},
  year =     1994
}

@InProceedings{Neves_Friedman_96,
  author =   {J. L. Neves and E. G. Friedman},
  title =    {Optimal clock skew scheduling tolerant to process variations},
  booktitle =  {Proceedings of {IEEE/ACM} {I}nternational {C}onference on {D}esign {A}utomation {C}onference},
  pages =    {623--628},
  year =    {1996}
}

@InProceedings{Kourtev_Friedman_99,
  author =   {I. S. Kourtev and E. G. Friedman},
  title =    {Clock skew scheduling for improved reliability via
                  quadratic programming},
  booktitle =    {Proceedings of {IEEE/ACM} {I}nternational {C}onference on {C}omputer-aided {D}esign},
  pages =    {239--243},
  year = 1999
}

@InProceedings{Albrecht_etal_99,
  author =   {C. Albrecht and B. Korte and J. Schietke and J. Vygen},
  title =    {Cycle time and slack optimization for {VLSI}-Chips},
  booktitle =    {Proceedings of {IEEE/ACM} {I}nternational {C}onference on {C}omputer-aided {D}esign},
  pages =    {232--238},
  year =     1999
}

@InProceedings{Wei_Cai_Hong_06,
  author =   {Xinjie Wei and Yici Cai and Xianlong Hong},
  title =    {Clock skew scheduling under process variations},
  booktitle =    {Proceedings of International Symposium on Quality Electronic Design},
  year =     2006
}


@Article{Tsai_Baik_Chen_Saluja_05,
  author =   {J. L. Tsai and D. H. Baik and C. C.-P. Chen and K. K. Saluja},
  title =    {Yield-driven, False-path-aware clock skew scheduling},
  journal =      {IEEE Design \& Test of Computers},
  volume =   22,
  number =   3,
  pages =    {214--222},
  year =     2005
}

@Article{zeroSkew86,
  author =   {M. Shoji},
  title =    {Elimination of process-dependent clock skew in {CMOS} {VLSI} },
  journal =      {IEEE Journal of Solid-State Circuits},
  volume =   21,
  number =   5,
  pages =    {875-880},
  year =     1986
}

@Article{Bell58,
  author =   {R.E. Bellman},
  title =    {On a routing problem},
  journal =      {Quart. Appl. Math.},
  volume =   16,
  pages =    {87-90},
  year =     1958
}

@Article{meanCycle86,
  author =   {R. M. Karp},
  title =    {A characterization of the minimum cycle mean in a digraph},
  journal =      {Discrete Math.(Netherlands)},
  volume =   23,
  number =   3,
  pages =    {309-311},
  year =     1978
}

@Article{zeroSkew91,
  author =   {Ren-Song Tsay},
  title =    {Exact zero skew},
  journal =    {Technical Report RC 16683,IBM Yorktown Research Center},
  year =     1991
}


@InProceedings{Tsai_Baik_Chen_Saluja_04,
  author =   {Jeng-Liang Tsai and D. H. Baik and C. C.-P. Chen and K. K. Saluja},
  title =    {A Yield Improvement Methodology Using Pre- and
                  Post-Silicon Statistical Clock Scheduling},
  booktitle =    iccad,
  pages =    {611--618},
  year =     2004
}

@InProceedings{Dasdan_Irani_Gupta_99,
  author =   {A. Dasdan and S. S. Irani and R. K. Gupta},
  title =    {Efficient algorithms for optimum cycle mean and
                  optimum cost to time ratio problems},
  booktitle =  iccad,
  pages =    {37--42},
  address =  {New Orleans, LA},
  year =     1999
}

@BOOK{alg:howard,
  AUTHOR = {Ronald A. Howard},
  TITLE = {Dynamic Programming and Markov Process},
  PUBLISHER = {MIT Press},
  YEAR = {1960},
  MONTH = {June}
}

@Book{Intro_to_Algo_01,
  author =   {T. H. Cormen and C. E. Leiserson and R. L. Riverst
                  and C. Stein},
  title =    {Introduction to Algorithms},
  publisher =    {MIT Press and McGraw-Hill},
  address =  {Cambridge, Massachusetts},
  edition =  {second},
  year =     2001
}

@Article{Zhang_Wang_Yu_etal_06,
  author =   {L. Zhang and X. Wang and W. Yu and others},
  title =    {Fast library--building method for {3D} capacitance
                  extraction with variation of procces parameters (in Chinese)},
  journal =      {Journal of Computer-Aided Design and Computer Graphics},
  volume =   18,
  number =   12,
  pages =    {1837--1843},
  year =     2006
}

@InProceedings{Chang_Sapatnekar_03,
  author =   {H. Chang and S. Sapatnekar},
  title =    {Statistical timing analysis considering spatial
                  correlation in a {PERT}-like traversal},
  booktitle =  iccad,
  pages =    {621--625},
  year =     2003
}

@InProceedings{Agarwal_Chopra_Blaauw_05,
  author =   {A. Agarwal and K. Chopra and D. Blaauw},
  title =    {Statistical timing based optimization using gate sizing},
  booktitle =    "Proceedings of the Design, Automation and Test in Europe Conference and Exhibition",
  pages =    {400--405},
  address =  {Munich},
  year =     2005
}


@Book{LEDA_06,
  author =   "K. Mehlhorn and S. Naher",
  title =    {The LEDA platform for combinatorial and geometric computing},
  publisher = {Cambridge University Press, UK},
  year =     1999
}


@InProceedings{Lin_Zhou_07,
  author =   {Chuan Lin and Hai Zhou},
  title =    {Clock Skew Scheduling with Delay Padding for
                  Prescribed Skew Domains},
  booktitle =    {Proceedings of the 12th Asia and South Pacific
                  Design Automation Conference},
  pages =    {541--546},
  address =  {Yokohama},
  year =     2007
}

@InProceedings{ParameticSP_91,
  author =   {N.E. Young and Robert E. Tarjan and J. B. Orlin},
  title =    {Faster parametric shortest path and minimum-balance algorithms},
  booktitle =    {Networks},
  volume = {21},
  pages = {205-221},
  year =  {1991}
}

@Article{Taskin_Kourtev_06,
  author =   {B. Taskin and I. S. Kourtev},
  title =    {Delay Insertion Method in Clock Skew Scheduling},
  journal =      {IEEE Transactions on Computer-Aided Design of
                  Integrated Circuits and Systems},
  volume =   {25},
  number =   {4},
  pages =    {651--663},
  year =     {2006}
}

@ARTICLE{alg:dasdan_mcr,
  AUTHOR =       {Ali Dasdan},
  TITLE =        {Experimental analysis of the fastest optimum cycle ratio and mean algorithms},
  JOURNAL =      tdaes,
  YEAR =         {2004},
  volume =       {9},
  number =       {4},
  pages =        {385--418},
  month = {11}
}

@InProceedings{Wei_Cai_Hong_07,
  author =   {X. Wei and Y. Cai and X. Hong},
  title =    {Physical Aware Clock Skew Rescheduling},
  booktitle =    {Proceedings of the 17th Great lakes symposium on VLSI},
  pages =    {473--476},
  address =  {Stresa-Lago Maggiore, Italy},
  year =     2007
}

@InProceedings{ICCAD2003-PSP,
  author =   {Step Held and Bernhard Korte and Jens Maberg and Matthias Ringe and J. Vygen},
  title =    {Clock Scheduling and Clocktree Construction for High Performance ASICs},
  booktitle =    {Proceedings of {IEEE/ACM} {I}nternational {C}onference on {C}omputer-aided {D}esign},
  pages =    {232-239},
  year =     2003
}

@Book{Kourtev_Friedman_00,
  author =   {I. S. Kourtev and E. G. Friedman},
  title =    {Timing Optimization Through Clock Skew Scheduling},
  publisher =    {Kluwer Academic Publishers},
  year =     2000
}
%%%%%%%%%%%%%%%%%%%%%%%%%%%%%%%%%
%% For Clock Period Driven %%%%%%
%%%%%%%%%%%%%%%%%%%%%%%%%%%%%%%%%
@INPROCEEDINGS{DAC07-clock,
  AUTHOR =       "Shih-Hsu Huang and Chun-Hua Cheng and Chia-Ming Chang and Yow-Tyng Nieh ",
  TITLE =        "Clock Period Minimization with Minimum Delay Insertion",
  BOOKTITLE =    dac,
  pages =        {970-975},
  YEAR =         2007
}

@INPROCEEDINGS{DAC05-clock,
  AUTHOR =       "Shih-Hsu Huang and Yow-Tyng Nieh and Feng-Pin Lu",
  TITLE =        "Race-Condition-Aware Clock Skew Scheduling",
  BOOKTITLE =    dac,
  pages =        {475-478},
  YEAR =         {2005},
}

@INPROCEEDINGS{DAC06-clock,
  AUTHOR =       "Shih-Hsu Huang and Chun-Hua Cheng and Yow-Tyng Nieh and Wei-Chieh Yu",
  TITLE =        "Register Binding for Clock Period Minimization",
  BOOKTITLE =    dac,
  pages =        "439-444",
  YEAR =         "2006",
}
%%%%%%%%%%%%%%%%%%%%%%%%%%%%%%%%%
%% For SSTA %%%%%%%%%%%%%%%%%%%%%
%%%%%%%%%%%%%%%%%%%%%%%%%%%%%%%%%

@INPROCEEDINGS{DAC05-1,
  AUTHOR =       "Hongliang Chang and Vladimir Zolotov and Sambasivan Narayan and Chandu Visweswariah",
  TITLE =        "Parameterized Block-Based Statistical Timing Analysis with Non-{Gaussian} Parameters, Nonlinear Delay Functions",
  BOOKTITLE =    dac,
  pages =        "71-76",
  YEAR =         "2005",
}

@INPROCEEDINGS{DAC05-2,
  AUTHOR =       "Yaping Zhan and Andrzej J. Strojwas and Xin Li and Lawrence T. Pileggi",
  TITLE =        "Correlation-Aware Statistical Timing Analysis with Non-{Gaussian} Delay Distribution",
  BOOKTITLE =    dac,
  pages =        "77-82",
  YEAR =         "2005",
}

@INPROCEEDINGS{DAC05-3,
  AUTHOR =       "Lizheng Zhang and Weijen Chen and Yuhen Hu and John A. Gubner and Charlie Chung-Ping Chen",
  TITLE =        "Correlation-Preserved Non-{Gaussian} Statistical Timing Analysis with Quadratic Timing Model",
  BOOKTITLE =    dac,
  pages =        "83-88",
  YEAR =         "2005",
}

@INPROCEEDINGS{DAC05-4,
  AUTHOR =       "Vishal Khandelwal and Ankur Srivastava",
  TITLE =        "A General Framework for Accurate Statistical Timing Analysis Considering Correlations",
  BOOKTITLE =    dac,
  pages =        "89-94",
  YEAR =         "2005",
}

@INPROCEEDINGS{DAC08Wang,
  AUTHOR =       "Yi Wang and Wai-Shing Luk and Xuan Zeng and Jun Tao and Changhao Yan and Jiarong Tong and Wei Cai and Jia Ni",
  TITLE =        "Timing Yield Driven Clock Skew Scheduling Considering non-{Gaussian} Distributions of Critical Path Delays",
  BOOKTITLE =    dac,
  pages =        {223-226},
  YEAR =         "2008",
}

@INPROCEEDINGS{ICCAD06-3C2,
  AUTHOR =       "Sarvesh Bhardaj and PPraveen Ghanta and Sarma Vrudhula",
  TITLE =        "A Framework for Statistical Timing Analysis using Non-Linear Delay and Slew Models",
  BOOKTITLE =    "Proceedings of the IEEE/ACM International Conference on Computer-aided Design",
  pages =       "225-230",
  YEAR =         "2006",
}

@INPROCEEDINGS{ISQED08,
  AUTHOR =       "Yi Wang and Xuan Zeng and Jun Tao and Hengliang Zhu and Xu Luo and Changhao Yan and Wei Cai",
  TITLE =        "Adaptive Stochastic Collocation Method (ASCM) for Parameterized Statistical Timing Analysis with Quadratic Delay Model",
  BOOKTITLE =    "Proceedings of International Symposium on Quality Electronic Design",
  YEAR =         "2008",
}

@Article{JanetDATE05,
   author =   "Satish Kumar. Y and Jun Li and Cladio. Talarico and Janet Wang",
   title =   "A Probabilistic Collocation Method Based Statistical Gate Delay Model Considering Process Variations and Multiple Input Switching",
   journal =   "Proceedings of the Design, Automation and Test in Europe Conference and Exhibition",
   YEAR = "2005"
}

@INPROCEEDINGS{date11_mdcss_ylzhi,
  AUTHOR =       {Yanling Zhi and Wai-Shing Luk and Hai Zhou  and Changhao Yan and Hengliang Zhu and Xuan Zeng},
  TITLE =        {An Efficient Algorithm for Multi-Domain Clock Skew Scheduling},
  BOOKTITLE = date,
  YEAR =         {2011},
  month = {March}
}

@book{siek2002boost,
  title={The Boost graph library: User guide and reference manual},
  author={Siek, J. and Lee, L.Q. and Lumsdaine, A.},
  year={2002},
  publisher={Addison-Wesley}
}

@misc{lib:opengate,
  title={{Nangate 45nm Open Cell Library}},
  year={2010},
  howpublished = "\url{http://www.nangate.com/}, Nangate Inc."
}
@article{cherkassky1999negative,
  title={Negative-cycle detection algorithms},
  author={Cherkassky, Boris V and Goldberg, Andrew V},
  journal={Mathematical Programming},
  volume={85},
  number={2},
  pages={277--311},
  year={1999},
  publisher={Springer}
}
@article{bland1981ellipsoid,
  title={The ellipsoid method: a survey},
  author={Bland, Robert G and Goldfarb, Donald and Todd, Michael J},
  journal={Operations research},
  volume={29},
  number={6},
  pages={1039--1091},
  year={1981},
  publisher={INFORMS}
}
