@ARTICLE{Ma_Rutenbar_06,
  AUTHOR =       {J. D. Ma and R. A. Rutenbar},
  TITLE =        {Fast interval-valued statistical modeling of interconnect
                  and effective capacitance},
  JOURNAL =      {IEEE Transactions on Computer-Aided Design of Integrated Circuits and Systems},
  YEAR =         {2006},
  volume =       {25},
  number =       {4},
  pages =        {710 - 724},
  month =        {April}
}

@INPROCEEDINGS{Yu_Pu_06,
  AUTHOR =       {Yu Pu and Yajun Ha},
  TITLE =        {An automated, efficient and static bit-width optimization methodology
                  towards maximum bit-width-to-error tradeoff with affine arithmetic model},
  BOOKTITLE =    {Asia and South Pacific Conference on Design Automation},
  YEAR =         {2006},
  pages =        {6},
  month =        {January}
}

@ARTICLE{Grimm_05,
  AUTHOR =       {C. Grimm and W. Heupke and K. Waldschmidt},
  TITLE =        {Analysis of mixed-signal systems with affine arithmetic},
  JOURNAL =      {IEEE Transactions on Computer-Aided Design of Integrated Circuits and Systems},
  YEAR =         {2005},
  volume =       {24},
  number =       {1},
  pages =        {118 - 123},
  month =        {January}
}

@INPROCEEDINGS{Lee_Gaffar_05,
  AUTHOR =       {Dong-U Lee and A. A. Gaffar and O. Mencer and W. Luk},
  TITLE =        {MiniBit: bit-width optimization via affine arithmetic},
  BOOKTITLE =    {Proceedings of 42nd Design Automation Conference},
  YEAR =         {2005},
  pages =        {837 - 840},
  month =        {June}
}

@INPROCEEDINGS{Zou_05,
  AUTHOR =       {Yi Zou and Mengsheng Zhang and Yici Cai and Qiang Zhou and Xianlong Hong},
  TITLE =        {Minimum Error Based Affine Arithmetic for Variational Timing Analysis},
  BOOKTITLE =    {6th International Conference on ASIC (ASICON)},
  YEAR =         {2005},
  volume =       {2},
  pages =        {975 - 978},
  month =        {10}
}

@INPROCEEDINGS{Grimm_04,
  AUTHOR =       {Ch. Grimm and W. Heupke and K. Waldschmidt},
  TITLE =        {Refinement of mixed-signals systems with affine arithmetic},
  BOOKTITLE =    {Proceedings of Design, Automation and Test in Europe Conference and Exhibition},
  YEAR =         {2004},
  volume =       {1},
  pages =        {372 - 377},
  month =        {Febrary}
}

@INPROCEEDINGS{Vu_04,
  AUTHOR =       {Xuan-Ha Vu and D. Sam-Haroud and B. Faltings},
  TITLE =        {Combining multiple inclusion representations in numerical constraint propagation},
  BOOKTITLE =    {16th IEEE International Conference on Tools with Artificial Intelligence (ICTAI 2004)},
  YEAR =         {2004},
  pages =        {458 - 467},
  month =        {November}
}

@INPROCEEDINGS{Kolev_04,
  AUTHOR =       {L. Kolev and S. Petrakieva},
  TITLE =        {Interval Raus criterion for stability analysis of linear systems with
                  dependent coefficients in the characteristic polynomial},
  BOOKTITLE =    {27th International Spring Seminar on Electronics Technology:
                  Meeting the Challenges of Electronics Technology Progress},
  YEAR =         {2004},
  volume =       {1},
  pages =        {130 - 135},
  month =        {May}
}

@ARTICLE{Goldenstein_03,
  AUTHOR =       {S. Klein Goldenstein and C. Vogler and D. Metaxas},
  TITLE =        {Statistical cue integration in DAG deformable models},
  JOURNAL =      {IEEE Transactions on Pattern Analysis and Machine Intelligence},
  YEAR =         {2003},
  volume =       {25},
  number =       {7},
  pages =        {801 - 813},
  month =        {July}
}

@ARTICLE{Vitelli_03,
  AUTHOR =       {M. Vitelli},
  TITLE =        {Range analysis in electroquasistatic field linear problems},
  JOURNAL =      {IEEE Transactions on Dielectrics and Electrical Insulation},
  YEAR =         {2003},
  volume =       {10},
  number =       {1},
  pages =        {155 - 167},
  month =        {Febrary}
}

@INPROCEEDINGS{Piccolo_03,
  AUTHOR =       {A. Piccolo and A. Vaccaro and D. Villacci},
  TITLE =        {An Affine arithmetic based methodology for the
                  thermal rating assessment of overhead lines in the
                  presence of data uncertainty},
  BOOKTITLE =    {IEEE Power Tech Conference Proceedings},
  YEAR =         {2003},
  volume =       {4},
  pages =        {7},
  month =        {May}
}

@INPROCEEDINGS{Fang_DAC_03,
  AUTHOR =       {C. F. Fang and R. A. Rutenbar and M. Puschel and
                  Tsuhan Chen},
  TITLE =        {Toward efficient static analysis of finite-precision
                  effects in DSP applications via affine arithmetic
                  modeling},
  BOOKTITLE =    {Proceedings of 40th Design Automation Conference},
  YEAR =         {2003},
  pages =        {496 - 501},
  month =        {June}
}

@INPROCEEDINGS{Fang_ICCAD_03,
  AUTHOR =       {C. F. Fang and R. A. Rutenbar and Tsuhan Chen},
  TITLE =        {Fast, accurate static analysis for fixed-point
                  finite-precision effects in DSP designs},
  BOOKTITLE =    {IEEE/ACM International Conference on Computer Aided Design},
  YEAR =         {2003},
  pages =        {275 - 282},
  month =        {November}
}

@INPROCEEDINGS{Fang_ICASSP_03,
  AUTHOR =       {C. F. Fang and Tsuhan Chen and R. A. Rutenbar},
  TITLE =        {Floating-point error analysis based on affine arithmetic},
  BOOKTITLE =    {IEEE International Conference on Acoustics, Speech,
                  and Signal Processing (ICASSP '03)},
  YEAR =         {2003},
  volume =       {2},
  pages =        {561 - 564},
  month =        {April}
}

@INPROCEEDINGS{Vitelli_02,
  AUTHOR =       {M. Vitelli},
  TITLE =        {Range analysis in electroquasistatic field linear problems},
  BOOKTITLE =    {Annual Report Conference on Electrical Insulation
                  and Dielectric Phenomena},
  YEAR =         {2002},
  volume =       {2},
  pages =        {168 - 171},
  month =        {October}
}

@INPROCEEDINGS{Lemke_02,
  AUTHOR =       {Andreas Lemke and Lars Hedrich and Erich Barke},
  TITLE =        {Analog circuit sizing based on formal methods using affine arithmetic},
  BOOKTITLE =    {IEEE/ACM Proc. Int. Conf. Computer Aided Design},
  YEAR =         {2002},
  pages =        {486 - 489},
  month =        {November}
}

@INPROCEEDINGS{Figueiredo_02,
  AUTHOR =       {L. H. De Figueiredo and J. Stolfi and L. Velho},
  TITLE =        {Approximating parametric curves with strip trees using affine arithmetic},
  BOOKTITLE =    {Proceedings of 15th Brazilian Symposium on Computer Graphics and Image Processing},
  YEAR =         {2002},
  pages =        {163 - 170},
  month =        {October}
}

@INPROCEEDINGS{Buhler_01,
  AUTHOR =       {K. Buhler},
  TITLE =        {Taylor models and affine arithmetics-towards a more sophisticated use of
                  reliable methods in computer graphics},
  BOOKTITLE =    {Spring Conference on Computer Graphics},
  YEAR =         {2001},
  pages =        {40 - 47},
  month =        {April}
}

@INPROCEEDINGS{Goldenstein_01,
  AUTHOR =       {S. Goldenstein and C. Vogler and D. Metaxas},
  TITLE =        {Affine arithmetic based estimation of cue distributions in deformable
                  model tracking},
  BOOKTITLE =    {Proceedings of the 2001 IEEE Computer Society Conference on
                  Computer Vision and Pattern Recognition (CVPR-2001)},
  YEAR =         {2001},
  volume =       {1},
  pages =        {1098 - 1105}
}

@ARTICLE{Femia_00,
  AUTHOR =       {N. Femia and G. Spagnuolo},
  TITLE =        {True worst-case circuit tolerance analysis using genetic algorithms and
                  affine arithmetic},
  JOURNAL =      {IEEE Transactions on Circuits and Systems I: Fundamental Theory and Applications},
  YEAR =         {2000},
  volume =       {47},
  number =       {9},
  pages =        {1285 - 1296},
  month =        {September}
}

@INPROCEEDINGS{Cusatis_99,
  AUTHOR =       {A. De Cusatis Jr. and L. H. De Figueiredo and M. Gattass},
  TITLE =        {Interval methods for ray casting implicit surfaces with affine arithmetic},
  BOOKTITLE =    {Proceedings of 12th Brazilian Symposium on Computer Graphics and Image Processing},
  YEAR =         {1999},
  pages =        {65 - 71},
  month =        {October}
}

@INPROCEEDINGS{Egiziano_WCPE_98,
  AUTHOR =       {L. Egiziano and N. Femia and G. Spagnuolo},
  TITLE =        {New approaches to the true worst-case evaluation in circuit tolerance
                  analysis. II. Calculation of the outer solution by affine arithmetic},
  BOOKTITLE =    {6th Workshop on Computers in Power Electronics},
  YEAR =         {1998},
  pages =        {141 - 147},
  month =        {July}
}

@INPROCEEDINGS{Egiziano_ISCAS_98,
  AUTHOR =       {L. Egiziano and N. Femia and G. Spagnuolo and G. Vocca},
  TITLE =        {True-worst-case evaluation in circuit tolerance and sensitivity analysis
                  using genetic algorithms and affine mathematics},
  BOOKTITLE =    {Proceedings of the 1998 IEEE International Symposium on
                  Circuits and Systems (ISCAS'98)},
  YEAR =         {1998},
  volume =       {6},
  pages =        {458 - 461},
  month =        {May}
}

@INPROCEEDINGS{Ma_ICCAD_05,
  AUTHOR =       {Ma, J. D. and C. F. Fang and R. A. Rutenbar and Xiaolin Xie and D. S. Boning},
  TITLE =        {Interval-valued statistical modeling of oxide chemical-mechanical polishing},
  BOOKTITLE =    {IEEE/ACM International Conference on Computer Aided Design},
  YEAR =         {2005},
  pages =        {141 - 148},
  month =        {11}
}

@INPROCEEDINGS{Ma_ICCAD_04,
  AUTHOR =       {J. D. Ma and R. A. Rutenbar},
  TITLE =        {Interval-valued reduced order statistical interconnect modeling},
  BOOKTITLE =    {IEEE/ACM International Conference on Computer Aided Design},
  YEAR =         {2004},
  pages =        {460--467},
  month =        {11}
}

@ARTICLE{Figueiredo_04,
  AUTHOR =       {L. De Figueiredo and J. Stolfi},
  TITLE =        {Affine Arithmetic: Concepts and Applications},
  JOURNAL =      {Numerical Algorithms},
  YEAR =         {2004},
  volume =       {37},
  pages =        {147 - 158}
}

@ARTICLE{Messine_06,
  AUTHOR =       {Fr{\'e}d{\'e}ric Messine and Ahmed Touhami},
  TITLE =        {A General Reliable Quadratic Form: An Extension of Affine Arithmetic},
  JOURNAL =      {Reliable Computing},
  YEAR =         {2006},
  volume =       {12},
  number =       {3},
  pages =        {171 - 192}
}

@MISC{libaa,
  author =       {Olivier Gay and David Coeurjolly and Nathan Hurst},
  title =        {Libaffa: C++ affine arithmetic library for {GNU}/{L}inux},
  howpublished = {Available at \url{http://savannah.nongnu.org/projects/libaa/}},
  year =         {2005},
  month =        {5}
}
