% ------------------------------------------------------------------------
% SAMPLE BIBLIOGRAPHY FILE
% ------------------------------------------------------------------------

@BOOK{
}

% --------------------------------------------------------------------------

@INPROCEEDINGS{Nassif00,
 author={S. R. Nassif},
 title={Design for variability in {DSM} technologies},
 organization={International Symposium on Quality Electronic Design},
 month={},
 year={2000},
 pages={451-454},
}

@INPROCEEDINGS{Nassif01,
 author={S. R. Nassif},
 title={Modeling and analysis of manufacturing variations},
 organization={Custom Integrated Circuits Conference},
 month={},
 year={2001},
 pages={223-227},
}

@INPROCEEDINGS{Pitchumani05,
 author={V. Pitchumani},
 title={Embedded Tutorial {I}: Design for Manufacturability},
 organization={Design Automation Conference of Asia and South Pacific},
 month={Jan.},
 year={2005},
 volume={1},
 number={18-21},
}

@INPROCEEDINGS{Zhang06,
 author={L. Zhang and Y. Hu and C. C.-P. Chen},
 title={Statistical timing analysis with path reconvergence and spatial correlations},
 organization={Design Automation and Test in Europe},
 month={Mar.},
 year={2006},
 pages={},
}

@INPROCEEDINGS{Friedberg05,
 author={P. Friedberg and Y. Cao and J. Cain and R. Wang and J. Rabaey and C. Spanos},
 title={Modeling within-die spatial correlation effects for process-design
  co-optimization},
 organization={International Symposium on Quality Electronic Design},
 month={Mar.},
 year={2005},
 pages={516-521},
}

@INPROCEEDINGS{Doh05,
 author={J.-S. Doh and D.-W. Kim and S.-H. Lee and J.-B. Lee and Y.-K. Park and M.-H. Yoo and J.-T. Kong},
 title={A unified statistical model for inter-die and intra-die process variation},
 organization={International Conference on SISPAD},
 month={Sep.},
 year={2005},
 pages={131-134},
}

@INPROCEEDINGS{Bhardwaj06,
 author={S. Bhardwaj and S. Vrudhula and P. Ghanta and Y. Cao},
 title={Modeling of intra-die process variations for accurate analysis and optimization of nano-scale circuits},
 organization={Design Automation Conference},
 month={Jul.},
 year={2006},
 pages={791-796},
}

@INPROCEEDINGS{Heloue07,
 author={K. R. Heloue and N. Azizi and F. N. Najm},
 title={Modeling and estimation of full-chip leakage current considering within-die correlation},
 organization={Design Automation Conference},
 month={Jun.},
 year={2007},
 pages={93-98},
}

@INPROCEEDINGS{Liu07,
 author={F. Liu},
 title={A general framework for spatial correlation modeling in {VLSI} design},
 organization={Design Automation Conference},
 month={Jun.},
 year={2007},
 pages={817-822},
}

@INPROCEEDINGS{Hargreaves08,
 author={B. Hargreaves and H. Hult and S. Reda},
 title={Within-die process variations: how accurately can they be statistically modeled?},
 organization={Design Automation Conference of Asia and South Pacific},
 month={Jan.},
 year={2008},
 pages={524-530},
}

@INPROCEEDINGS{Fu08,
 author={Q. Fu and W.-S. Luk and J. Tao and C. Yan and X. Zeng},
 title={Characterizing intra-die spatial correlation using spectral density method},
 organization={International Symposium on Quality Electronic Design},
 month={Mar.},
 year={2008},
 pages={718-723},
}

% --------------------------------------------------------------------------

@ARTICLE{Kibarian91,
 author={J. Kibarian and A. Strojwas},
 title={Using spatial information to analyze correlations between test structure
  data},
 journal={IEEE Trans. Semiconductor Manufacturing},
 volume={4},
 number={3},
 month={Aug.},
 year={1991},
 pages={219-225},
}

@ARTICLE{Mozumder92,
 author={P. Mozumder and L. Loewenstein},
 title={Method for semiconductor process optimization using functional
  representations of spatial variations and selectivity},
 journal={IEEE Trans. Compon. Hybrids. Manuf. Technol.},
 volume={15},
 number={3},
 month={Jun.},
 year={1992},
 pages={311-316},
}

@ARTICLE{Stine97,
 author={B. Stine and D. Boning and J. Chung},
 title={Analysis and decomposition of spatial variation in intergrated circuit
  processes and devices},
 journal={IEEE Trans. Semiconductor Manufacturing},
 volume={15},
 number={3},
 month={Jun.},
 year={1992},
 pages={311-316},
}

@ARTICLE{Orshansky02,
 author={M. Orshansky and L. Milor and P. Chen and K. Keutzer and C. Hu},
 title={Impact of spatial intrachip gate length variability on the performance
  of high-speed digital circuits},
 journal={IEEE Trans. Computer-Aided Design of Integrated Circuits and Systems},
 volume={21},
 number={5},
 month={May},
 year={2002},
 pages={544-553},
}

@ARTICLE{Chang05,
 author={H. Chang and S. S. Sapatnekar},
 title={Statistical timing analysis under spatial correlations},
 journal={IEEE Trans. Computer-Aided Design of Integrated Circuits and Systems},
 volume={24},
 number={9},
 month={Sep.},
 year={2005},
 pages={1467-1482},
}

@ARTICLE{Xiong07,
 author={J. Xiong and V. Zolotov and L. He},
 title={Robust extraction of spatial correlation},
 journal={IEEE Trans. Computer-Aided Design of Integrated Circuits and Systems},
 volume={26},
 number={4},
 month={Apr.},
 year={2007},
 pages={619-631},
}

@ARTICLE{Coleman96,
 author={T. F. Coleman and Y. Li},
 title={An interior, trust region approach for nonlinear minimization subject to bounds},
 journal={SIAM Journal on Optimization},
 volume={6},
 year={1996},
 pages={418-445},
}

@ARTICLE{Dahlhaus00,
 author={R. Dahlhaus},
 title={A likelihood approximation for locally stationary processes},
 journal={The Annals of Statistics},
 volume={28},
 number={6},
 year={2000},
 pages={1762-1794},
}

@ARTICLE{Lomb76,
 author={N. R. Lomb},
 title={Least-squares frequency analysis of unequally spaced data},
 journal={Astrophysics and Space Science},
 volume={39},
 year={1976},
 pages={447-462},
}

% ------------------------------------------------------------------------

@BOOK{Hogg01,
 author={R. Hogg and E. Tanis},
 title={Probability and {S}tatistical {I}nference},
 publisher={Prentice-Hall},
 address={Englewood Cliffs},
 year={2001},
}

@BOOK{Press02,
 author={W. H. Press and others},
 title={Numerical {R}ecipes in {C}++: {T}he {A}rt of {S}cientific {C}omputing, {S}econd {E}dition},
 publisher={Cambridge {U}niversity},
 year={2002},
}

@BOOK{Srivastava05,
 author={A. Srivastava and D. Sylvester and D. Blaauw},
 title={Statistical {A}nalysis and {O}ptimization for {VLSI}: {T}iming and {P}ower},
 publisher={Springer},
 year={2005},
}

@BOOK{Oppenheim96,
 author={A.~V.~Oppenheim and A.~S.~Willsky and S.~H.~Nawab.},
 title={Signals and {S}ystems},
 publisher={Prentice Hall},
 year={1996},
}
