% ------------------------------------------------------------------------
% SAMPLE BIBLIOGRAPHY FILE
% ------------------------------------------------------------------------

@BOOK{Gihman74,
 author={I. I. Gihman and A. V. Skorohod},
 title={The {T}heory of {S}tochastic {P}rocesses},
 volume={1},
 publisher={Springer-Verlag},
 address={Berlin},
 year={1974},
}

@BOOK{Anderson03,
 author={T. W. Anderson},
 title={An {I}ntroduction to {M}ultivariate {S}tatistical {A}nalysis, {T}hird {E}dition},
 publisher={John {W}ill \& {S}ons},
 year={2003},
}

@BOOK{Proakis02,
 author={J. G. Proakis and others},
 title={Algorithms for {S}tatistical {S}ignal {P}rocessing},
 publisher={Prentice {H}all},
 year={2002},
}

@BOOK{Schonhoff07,
 author={T. Schonhoff and A. A. Giordano},
 title={Detection and {E}stimation: {T}heory and {I}ts {A}pplications},
 publisher={Prentice {H}all},
 year={2007},
}

% --------------------------------------------------------------------------

@INPROCEEDINGS{
}

% --------------------------------------------------------------------------

@ARTICLE{Myung03,
 author={I. J. Myung},
 title={Tutorial on maximum likelihood estimation},
 journal={Journal of Mathematical Psychology},
 number={47},
 year={2003},
 pages={90-100},
}

% ------------------------------------------------------------------------
